@inproceedings{TODO,
author = {TODO},
title = {TODO},
year = {2020},
}

% https://aws.amazon.com/serverless/build-a-web-app/